@article{kohnLuttinger,
	title = {New Mechanism for Superconductivity},
	author = {Kohn, W. and Luttinger, J. M.},
	journal = {Phys. Rev. Lett.},
	volume = {15},
	issue = {12},
	pages = {524--526},
	numpages = {0},
	year = {1965},
	month = {Sep},
	publisher = {American Physical Society},
	doi = {10.1103/PhysRevLett.15.524},
	url = {https://link.aps.org/doi/10.1103/PhysRevLett.15.524}
}
